@article{Jeong_2025,
   title={Brickwall one-loop determinant: spectral statistics \& Krylov complexity}, volume={2025},
   ISSN={1029-8479},
   url={http://dx.doi.org/10.1007/JHEP05(2025)154},
   DOI={10.1007/jhep05(2025)154},
   number={5},
   journal={Journal of High Energy Physics},
   publisher={Springer Science and Business Media LLC},
   author={Jeong, Hyun-Sik and Kundu, Arnab and Pedraza, Juan F.},
   year={2025},
   month=may 
}

@misc{das2023fuzzballsrandommatrices,
      title={Fuzzballs and Random Matrices}, 
      author={Suman Das and Sumit K. Garg and Chethan Krishnan and Arnab Kundu},
      year={2023},
      eprint={2301.11780},
      archivePrefix={arXiv},
      primaryClass={hep-th},
      url={https://arxiv.org/abs/2301.11780}, 
}

@article{Das_2023,
   title={Synthetic fuzzballs: a linear ramp from black hole normal modes},
   volume={2023},
   ISSN={1029-8479},
   url={http://dx.doi.org/10.1007/JHEP01(2023)153},
   DOI={10.1007/jhep01(2023)153},
   number={1},
   journal={Journal of High Energy Physics},
   publisher={Springer Science and Business Media LLC},
   author={Das, Suman and Krishnan, Chethan and Kumar, A. Preetham and Kundu, Arnab},
   year={2023},
   month=jan }


@article{Anninos_2012,
   title={Static patch solipsism: conformal symmetry of the de Sitter worldline},
   volume={29},
   ISSN={1361-6382},
   url={http://dx.doi.org/10.1088/0264-9381/29/7/075002},
   DOI={10.1088/0264-9381/29/7/075002},
   number={7},
   journal={Classical and Quantum Gravity},
   publisher={IOP Publishing},
   author={Anninos, Dionysios and Hartnoll, Sean A and Hofman, Diego M},
   year={2012},
   month=mar, pages={075002} }


@article{Hawking:1971tu,
    author = "Hawking, S. W.",
    title = "{Gravitational radiation from colliding black holes}",
    doi = "10.1103/PhysRevLett.26.1344",
    journal = "Phys. Rev. Lett.",
    volume = "26",
    pages = "1344--1346",
    year = "1971"
}


@article{Christodoulou:1971pcn,
    author = "Christodoulou, D. and Ruffini, R.",
    title = "{Reversible transformations of a charged black hole}",
    doi = "10.1103/PhysRevD.4.3552",
    journal = "Phys. Rev. D",
    volume = "4",
    pages = "3552--3555",
    year = "1971"
}


@article{Hawking:1975vcx,
    author = "Hawking, S. W.",
    editor = "Gibbons, G. W. and Hawking, S. W.",
    title = "{Particle Creation by Black Holes}",
    doi = "10.1007/BF02345020",
    journal = "Commun. Math. Phys.",
    volume = "43",
    pages = "199--220",
    year = "1975",
    note = "[Erratum: Commun.Math.Phys. 46, 206 (1976)]"
}


@article{Hawking:1976ra,
    author = "Hawking, S. W.",
    title = "{Breakdown of Predictability in Gravitational Collapse}",
    doi = "10.1103/PhysRevD.14.2460",
    journal = "Phys. Rev. D",
    volume = "14",
    pages = "2460--2473",
    year = "1976"
}

@article{Susskind_1995,
   title={The world as a hologram},
   volume={36},
   ISSN={1089-7658},
   url={http://dx.doi.org/10.1063/1.531249},
   DOI={10.1063/1.531249},
   number={11},
   journal={Journal of Mathematical Physics},
   publisher={AIP Publishing},
   author={Susskind, Leonard},
   year={1995},
   month=nov, pages={6377–6396} }


@article{Maldacena_1999,
   title={The Large-N Limit of Superconformal Field Theories and Supergravity},
   volume={38},
   ISSN={1572-9575},
   url={http://dx.doi.org/10.1023/A:1026654312961},
   DOI={10.1023/a:1026654312961},
   number={4},
   journal={International Journal of Theoretical Physics},
   publisher={Springer Science and Business Media LLC},
   author={Maldacena, Juan},
   year={1999},
   month=apr, pages={1113–1133} }


@article{Galante:2023uyf,
    author = "Galante, Damian A.",
    title = "{Modave lectures on de Sitter space {\&} holography}",
    eprint = "2306.10141",
    archivePrefix = "arXiv",
    primaryClass = "hep-th",
    doi = "10.22323/1.435.0003",
    journal = "PoS",
    volume = "Modave2022",
    pages = "003",
    year = "2023"
}

@article{Sekino_2008,
   title={Fast scramblers},
   volume={2008},
   ISSN={1029-8479},
   url={http://dx.doi.org/10.1088/1126-6708/2008/10/065},
   DOI={10.1088/1126-6708/2008/10/065},
   number={10},
   journal={Journal of High Energy Physics},
   publisher={Springer Science and Business Media LLC},
   author={Sekino, Yasuhiro and Susskind, L},
   year={2008},
   month=oct, pages={065–065} }

@misc{das2023brickwallrotatingbtzdiprampplateau,
      title={Brickwall in Rotating BTZ: A Dip-Ramp-Plateau Story}, 
      author={Suman Das and Arnab Kundu},
      year={2023},
      eprint={2310.06438},
      archivePrefix={arXiv},
      primaryClass={hep-th},
      url={https://arxiv.org/abs/2310.06438}, 
}

@misc{das2025brickwalladsschwarzschildblack,
      title={Brick Wall in AdS-Schwarzschild Black Hole: Normal Modes and Emerging Thermality}, 
      author={Suman Das and Somnath Porey and Baishali Roy},
      year={2025},
      eprint={2409.05519},
      archivePrefix={arXiv},
      primaryClass={hep-th},
      url={https://arxiv.org/abs/2409.05519}, 
}


@article{tHooft:1984kcu,
    author = "'t Hooft, Gerard",
    title = "{On the Quantum Structure of a Black Hole}",
    reportNumber = "Print-84-0924 (UTRECHT)",
    doi = "10.1016/0550-3213(85)90418-3",
    journal = "Nucl. Phys. B",
    volume = "256",
    pages = "727--745",
    year = "1985"
}

@article{stockmann2010microwave,
  title={Microwave billiards and quantum chaos},
  author={St{\"o}ckmann, Hans-J{\"u}rgen},
  journal={Scholarpedia},
  volume={5},
  number={10},
  pages={10243},
  year={2010}
}

@article{Noether_1971,
   title={Invariant variation problems},
   volume={1},
   ISSN={1532-2424},
   url={http://dx.doi.org/10.1080/00411457108231446},
   DOI={10.1080/00411457108231446},
   number={3},
   journal={Transport Theory and Statistical Physic},
   publisher={Informa UK Limited},
   author={Noether, Emmy},
   year={1971},
   month=jan, pages={186–207} }

@article{Brillouin:1926blg,
    author = "Brillouin, L{\'e}on",
    title = {{La m{\'e}canique ondulatoire de Schr{\"o}dinger; une m{\'e}thode g{\'e}n{\'e}rale de resolution par approximations successives}},
    journal = "Compt. Rend. Hebd. Seances Acad. Sci.",
    volume = "183",
    number = "1",
    pages = "24--26",
    year = "1926"
}

@article{kramers_wellenmechanik_1926,
	title = {Wellenmechanik und halbzahlige {Quantisierung}},
	volume = {39},
	issn = {0044-3328},
	url = {https://doi.org/10.1007/BF01451751},
	doi = {10.1007/BF01451751},
	abstract = {Die Arbeit behandelt eine Methode zur annähernden Lösung des Schrödingerschen Eigenwert- und Eigenfunktionproblems für ein willkürliches System von einem Freiheitsgrad. In § 1 wird gezeigt, daß die sogenannte halbzahlige Quantisierung eine natürliche erste Näherung darstellt. § 2 enthält Näherungsformeln zur graphischen Bestimmung der Eigenfunktionen. In § 3 wird das Verhältnis der Methode zu dem von Brillouin und Wentzel betrachteten systematischen Approximationsverfahren besprochen. § 4 behandelt Zentralbewegungen und enthält Annäherungsformeln für Spektralprobleme.},
	number = {10},
	journal = {Zeitschrift für Physik},
	author = {Kramers, H. A.},
	month = oct,
	year = {1926},
	pages = {828--840},
}

@article{wentzel_verallgemeinerung_1926,
	title = {Eine {Verallgemeinerung} der {Quantenbedingungen} für die {Zwecke} der {Wellenmechanik}},
	volume = {38},
	issn = {0044-3328},
	url = {https://doi.org/10.1007/BF01397171},
	doi = {10.1007/BF01397171},
	abstract = {In dieser Note soll eine Methode entwickelt werden, die Eigenwertprobleme der Schrödingerschen „Wellenmechanik“ durch sukzessive Approximation von dem Grenzfall der klassischen Mechanik (bzw. der früheren Quantentheorie) aus zu lösen. Dieses Näherungsverfahren kann in vielen Fällen so eingerichtet werden, daß es nach wenigen Schritten abbricht. Anwendungen (H-Atom und Starkeffekt) finden sich am Schlusse.},
	number = {6},
	journal = {Zeitschrift für Physik},
	author = {Wentzel, Gregor},
	month = jun,
	year = {1926},
	pages = {518--529},
}

@article{stone_einsteins_2005,
	title = {Einstein’s {Unknown} {Insight} and the {Problem} of {Quantizing} {Chaos}},
	volume = {58},
	issn = {0031-9228, 1945-0699},
	url = {https://pubs.aip.org/physicstoday/article/58/8/37/391539/Einstein-s-Unknown-Insight-and-the-Problem-of},
	doi = {10.1063/1.2062917},
	abstract = {Chaotic systems were beyond the reach of an ingenious coordinate-invariant quantization scheme developed by Albert Einstein, and to this day, their quantization remains a challenge.},
	language = {en},
	number = {8},
	urldate = {2025-08-16},
	journal = {Physics Today},
	author = {Stone, A. Douglas},
	month = aug,
	year = {2005},
	pages = {37--43},
	file = {PDF:/home/josema/Zotero/storage/9CKBXEKZ/Stone - 2005 - Einstein’s Unknown Insight and the Problem of Quantizing Chaos.pdf:application/pdf},
}

@article{gutzwiller_periodic_1971,
	title = {Periodic {Orbits} and {Classical} {Quantization} {Conditions}},
	volume = {12},
	issn = {0022-2488},
	url = {https://doi.org/10.1063/1.1665596},
	doi = {10.1063/1.1665596},
	number = {3},
	urldate = {2025-08-16},
	journal = {Journal of Mathematical Physics},
	author = {Gutzwiller, Martin C.},
	month = mar,
	year = {1971},
	pages = {343--358},
	file = {Snapshot:/home/josema/Zotero/storage/ZJCPXWSW/1.html:text/html},
}

@article{wigner_characteristic_1955,
	title = {Characteristic {Vectors} of {Bordered} {Matrices} {With} {Infinite} {Dimensions}},
	volume = {62},
	issn = {0003-486X},
	url = {https://www.jstor.org/stable/1970079},
	doi = {10.2307/1970079},
	number = {3},
	urldate = {2025-08-16},
	journal = {Annals of Mathematics},
	author = {Wigner, Eugene P.},
	year = {1955},
	note = {Publisher: [Annals of Mathematics, Trustees of Princeton University on Behalf of the Annals of Mathematics, Mathematics Department, Princeton University]},
	pages = {548--564},
}


@article{wigner_characteristics_1957,
	title = {Characteristics {Vectors} of {Bordered} {Matrices} with {Infinite} {Dimensions} {II}},
	volume = {65},
	issn = {0003-486X},
	url = {https://www.jstor.org/stable/1969956},
	doi = {10.2307/1969956},
	number = {2},
	urldate = {2025-08-16},
	journal = {Annals of Mathematics},
	author = {Wigner, Eugene P.},
	year = {1957},
	note = {Publisher: [Annals of Mathematics, Trustees of Princeton University on Behalf of the Annals of Mathematics, Mathematics Department, Princeton University]},
	pages = {203--207},
}

@article{wigner_distribution_1958,
	title = {On the {Distribution} of the {Roots} of {Certain} {Symmetric} {Matrices}},
	volume = {67},
	issn = {0003-486X},
	url = {https://www.jstor.org/stable/1970008},
	doi = {10.2307/1970008},
	number = {2},
	urldate = {2025-08-16},
	journal = {Annals of Mathematics},
	author = {Wigner, Eugene P.},
	year = {1958},
	note = {Publisher: [Annals of Mathematics, Trustees of Princeton University on Behalf of the Annals of Mathematics, Mathematics Department, Princeton University]},
	pages = {325--327},
}


@article{dyson_statistical_1962,
	title = {Statistical {Theory} of the {Energy} {Levels} of {Complex} {Systems}. {I}},
	volume = {3},
	issn = {0022-2488, 1089-7658},
	url = {https://pubs.aip.org/jmp/article/3/1/140/453743/Statistical-Theory-of-the-Energy-Levels-of-Complex},
	doi = {10.1063/1.1703773},
	language = {en},
	number = {1},
	urldate = {2025-08-16},
	journal = {Journal of Mathematical Physics},
	author = {Dyson, Freeman J.},
	month = jan,
	year = {1962},
	pages = {140--156},
	file = {PDF:/home/josema/Zotero/storage/SHLUUPGX/Dyson - 1962 - Statistical Theory of the Energy Levels of Complex Systems. I.pdf:application/pdf},
}

@article{mehta_statistical_1960,
	title = {On the statistical properties of the level-spacings in nuclear spectra},
	volume = {18},
	issn = {0029-5582},
	url = {https://www.sciencedirect.com/science/article/pii/0029558260904132},
	doi = {10.1016/0029-5582(60)90413-2},
	pages = {395--419},
	journaltitle = {Nuclear Physics},
	shortjournal = {Nuclear Physics},
	author = {Mehta, M. L.},
	urldate = {2025-08-17},
	date = {1960-08-01},
	file = {ScienceDirect Snapshot:/Users/josema/Zotero/storage/5XURB4JZ/0029558260904132.html:text/html},
}

@article{mehta_density_1960,
	title = {On the density of Eigenvalues of a random matrix},
	volume = {18},
	issn = {0029-5582},
	url = {https://www.sciencedirect.com/science/article/pii/0029558260904144},
	doi = {10.1016/0029-5582(60)90414-4},
	abstract = {An exact expression for the density of eigenvalues of a random-matrix is derived. When the order of the matrix becomes infinite, it can be seen very directly that it goes over to Wigner's “semi-circle law”.},
	pages = {420--427},
	journaltitle = {Nuclear Physics},
	shortjournal = {Nuclear Physics},
	author = {Mehta, M. L. and Gaudin, M.},
	urldate = {2025-08-17},
	date = {1960-08-01},
	file = {ScienceDirect Snapshot:/Users/josema/Zotero/storage/MNXN546P/0029558260904144.html:text/html},
}

@book{porter_statistical_1965,
	title = {Statistical Theories of Spectra: Fluctuations},
	isbn = {978-0-12-562356-8},
	shorttitle = {Statistical Theories of Spectra},
	pagetotal = {576},
	publisher = {Elsevier Science \& Technology Books},
	author = {Porter, Charles E.},
	date = {1965},
	langid = {english},	
	keywords = {Science / Physics / Nuclear, Science / Spectroscopy \& Spectrum Analysis},
}

@misc{pandey_quantum_2019,
	title = {Quantum Chaotic Systems and Random Matrix Theory},
	url = {http://arxiv.org/abs/1905.10596},
	doi = {10.48550/arXiv.1905.10596},
	number = {{arXiv}:1905.10596},
	publisher = {{arXiv}},
	author = {Pandey, Akhilesh and Kumar, Avanish and Puri, Sanjay},
	urldate = {2025-02-13},
	date = {2019-05-25},
	eprinttype = {arxiv},
	eprint = {1905.10596 [cond-mat]},
	keywords = {Condensed Matter - Statistical Mechanics, Quantum Physics},
	file = {Preprint PDF:/Users/josema/Zotero/storage/NV8N5G9N/Pandey et al. - 2019 - Quantum Chaotic Systems and Random Matrix Theory.pdf:application/pdf;Snapshot:/Users/josema/Zotero/storage/JGHD82CL/1905.html:text/html},
}

@article{bohigas_characterization_1984,
	title = {Characterization of Chaotic Quantum Spectra and Universality of Level Fluctuation Laws},
	volume = {52},
	url = {https://link.aps.org/doi/10.1103/PhysRevLett.52.1},
	doi = {10.1103/PhysRevLett.52.1},
	pages = {1--4},
	number = {1},
	journaltitle = {Physical Review Letters},
	shortjournal = {Phys. Rev. Lett.},
	author = {Bohigas, O. and Giannoni, M. J. and Schmit, C.},
	urldate = {2025-08-17},
	date = {1984-01-02},
	note = {Publisher: American Physical Society},
	file = {APS Snapshot:/Users/josema/Zotero/storage/H7S9GXG7/PhysRevLett.52.html:text/html},
}

@article{martinez-azcona_decomposing_2025,
	title = {Decomposing the Spectral Form Factor},
	volume = {111},
	issn = {2469-9950, 2469-9969},
	url = {http://arxiv.org/abs/2311.09292},
	doi = {10.1103/PhysRevB.111.165108},
	pages = {165108},
	number = {16},
	journaltitle = {Physical Review B},
	shortjournal = {Phys. Rev. B},
	author = {Martinez-Azcona, Pablo and Shir, Ruth and Chenu, Aurélia},
	urldate = {2025-08-18},
	date = {2025-04-07},
	eprinttype = {arxiv},
	eprint = {2311.09292 [quant-ph]},
	keywords = {Condensed Matter - Statistical Mechanics, High Energy Physics - Theory, Mathematical Physics, Mathematics - Mathematical Physics, Nonlinear Sciences - Chaotic Dynamics, Quantum Physics},
	file = {Full Text PDF:/Users/josema/Zotero/storage/KLSMTM27/Martinez-Azcona et al. - 2025 - Decomposing the Spectral Form Factor.pdf:application/pdf;Snapshot:/Users/josema/Zotero/storage/QJ39NFJW/2311.html:text/html},
}


@article{dalessio_quantum_2016,
	title = {From quantum chaos and eigenstate thermalization to statistical mechanics and thermodynamics},
	volume = {65},
	issn = {0001-8732, 1460-6976},
	url = {http://www.tandfonline.com/doi/full/10.1080/00018732.2016.1198134},
	doi = {10.1080/00018732.2016.1198134},
	pages = {239--362},
	number = {3},
	journaltitle = {Advances in Physics},
	shortjournal = {Advances in Physics},
	author = {D'Alessio, Luca and Kafri, Yariv and Polkovnikov, Anatoli and Rigol, Marcos},
	urldate = {2025-08-01},
	date = {2016-05-03},
	langid = {english},
	file = {Submitted Version:/Users/josema/Zotero/storage/KBMW4Y4B/D'Alessio et al. - 2016 - From quantum chaos and eigenstate thermalization to statistical mechanics and thermodynamics.pdf:application/pdf},
}


@book{mehta_random_2004,
	title = {Random Matrices},
	isbn = {978-0-08-047411-3},
	pagetotal = {707},
	publisher = {Elsevier},
	author = {Mehta, Madan Lal},
	date = {2004-10-06},
	langid = {english},
	keywords = {Mathematics / Algebra / Linear},
}


@article{wigner_statistical_1951,
	title = {On the statistical distribution of the widths and spacings of nuclear resonance levels},
	volume = {47},
	issn = {1469-8064, 0305-0041},
	doi = {10.1017/S0305004100027237},
	pages = {790--798},
	number = {4},
	journaltitle = {Mathematical Proceedings of the Cambridge Philosophical Society},
	author = {Wigner, Eugene P.},
	urldate = {2025-08-18},
	date = {1951-10},
	langid = {english},
}

@article{berry_level_1997,
	title = {Level clustering in the regular spectrum},
	volume = {356},
	url = {https://royalsocietypublishing.org/doi/10.1098/rspa.1977.0140},
	doi = {10.1098/rspa.1977.0140},
	number = {1686},
	urldate = {2025-08-19},
	journal = {Proceedings of the Royal Society of London. A. Mathematical and Physical Sciences},
	author = {Berry, Michael Victor and Tabor, M.},
	month = jan,
	year = {1997},
	note = {Publisher: Royal Society},
	pages = {375--394},
}

@article{cotler_black_2017,
	title = {Black {Holes} and {Random} {Matrices}},
	volume = {2017},
	issn = {1029-8479},
	url = {http://arxiv.org/abs/1611.04650},
	doi = {10.1007/JHEP05(2017)118},
	number = {5},
	urldate = {2025-08-04},
	journal = {Journal of High Energy Physics},
	author = {Cotler, Jordan S. and Gur-Ari, Guy and Hanada, Masanori and Polchinski, Joseph and Saad, Phil and Shenker, Stephen H. and Stanford, Douglas and Streicher, Alexandre and Tezuka, Masaki},
	month = may,
	year = {2017},
	note = {arXiv:1611.04650 [hep-th]},
	keywords = {Condensed Matter - Statistical Mechanics, High Energy Physics - Theory, Quantum Physics},
	pages = {118},
	file = {Preprint PDF:/home/josema/Zotero/storage/YFFHLX88/Cotler et al. - 2017 - Black Holes and Random Matrices.pdf:application/pdf;Snapshot:/home/josema/Zotero/storage/YFUMJHDL/1611.html:text/html},
}

@article{PhysRevE.55.4067,
  title = {Spectral form factor in a random matrix theory},
  author = {Br\'ezin, E. and Hikami, S.},
  journal = {Phys. Rev. E},
  volume = {55},
  issue = {4},
  pages = {4067--4083},
  numpages = {0},
  year = {1997},
  month = {Apr},
  publisher = {American Physical Society},
  doi = {10.1103/PhysRevE.55.4067},
  url = {https://link.aps.org/doi/10.1103/PhysRevE.55.4067}
}

@article{Martinez_Azcona_2025,
   title={Decomposing the spectral form factor},
   volume={111},
   ISSN={2469-9969},
   url={http://dx.doi.org/10.1103/PhysRevB.111.165108},
   DOI={10.1103/physrevb.111.165108},
   number={16},
   journal={Physical Review B},
   publisher={American Physical Society (APS)},
   author={Martinez-Azcona, Pablo and Shir, Ruth and Chenu, Aurélia},
   year={2025},
   month=apr }

@article{Balasubramanian_2022,
   title={Quantum chaos and the complexity of spread of states},
   volume={106},
   ISSN={2470-0029},
   url={http://dx.doi.org/10.1103/PhysRevD.106.046007},
   DOI={10.1103/physrevd.106.046007},
   number={4},
   journal={Physical Review D},
   publisher={American Physical Society (APS)},
   author={Balasubramanian, Vijay and Caputa, Pawel and Magan, Javier M. and Wu, Qingyue},
   year={2022},
   month=aug }

@article{Parker_2019,
   title={A Universal Operator Growth Hypothesis},
   volume={9},
   ISSN={2160-3308},
   url={http://dx.doi.org/10.1103/PhysRevX.9.041017},
   DOI={10.1103/physrevx.9.041017},
   number={4},
   journal={Physical Review X},
   publisher={American Physical Society (APS)},
   author={Parker, Daniel E. and Cao, Xiangyu and Avdoshkin, Alexander and Scaffidi, Thomas and Altman, Ehud},
   year={2019},
   month=oct }

@article{lanczos_iteration_1950,
	title = {An iteration method for the solution of the eigenvalue problem of linear differential and integral operators},
	volume = {45},
	issn = {0091-0635},
	url = {https://nvlpubs.nist.gov/nistpubs/jres/045/jresv45n4p255_A1b.pdf},
	doi = {10.6028/jres.045.026},
	language = {en},
	number = {4},
	urldate = {2025-08-19},
	journal = {Journal of Research of the National Bureau of Standards},
	author = {Lanczos, C.},
	month = oct,
	year = {1950},
	pages = {255},
	file = {PDF:/home/josema/Zotero/storage/W63SGVZ5/Lanczos - 1950 - An iteration method for the solution of the eigenvalue problem of linear differential and integral o.pdf:application/pdf},
}

@article{Erdmenger_2023,
   title={Universal chaotic dynamics from Krylov space},
   volume={2023},
   ISSN={1029-8479},
   url={http://dx.doi.org/10.1007/JHEP08(2023)176},
   DOI={10.1007/jhep08(2023)176},
   number={8},
   journal={Journal of High Energy Physics},
   publisher={Springer Science and Business Media LLC},
   author={Erdmenger, Johanna and Jian, Shao-Kai and Xian, Zhuo-Yu},
   year={2023},
   month=aug }

@article{brody_statistical_1973,
	title = {A statistical measure for the repulsion of energy levels},
	volume = {7},
	issn = {1827-613X},
	url = {https://doi.org/10.1007/BF02727859},
	doi = {10.1007/BF02727859},
	language = {en},
	number = {12},
	urldate = {2025-08-19},
	journal = {Lettere al Nuovo Cimento (1971-1985)},
	author = {Brody, T. A.},
	month = jul,
	year = {1973},
	pages = {482--484},
}


@ARTICLE{2013PhR...530...87W,
       author = {{Weinberg}, David H. and {Mortonson}, Michael J. and {Eisenstein}, Daniel J. and {Hirata}, Christopher and {Riess}, Adam G. and {Rozo}, Eduardo},
        title = "{Observational probes of cosmic acceleration}",
     keywords = {Astrophysics - Cosmology and Nongalactic Astrophysics},
         year = 2013,
        month = sep,
       volume = {530},
       number = {2},
        pages = {87-255},
          doi = {10.1016/j.physrep.2013.05.001},
archivePrefix = {arXiv},
       eprint = {1201.2434},
 primaryClass = {astro-ph.CO},
       adsurl = {https://ui.adsabs.harvard.edu/abs/2013PhR...530...87W},
      adsnote = {Provided by the SAO/NASA Astrophysics Data System}
}

@article{PhysRevD.28.2118,
  title = {Asymptotic behavior of homogeneous cosmological models in the presence of a positive cosmological constant},
  author = {Wald, Robert M.},
  journal = {Phys. Rev. D},
  volume = {28},
  issue = {8},
  pages = {2118--2120},
  numpages = {0},
  year = {1983},
  month = {Oct},
  publisher = {American Physical Society},
  doi = {10.1103/PhysRevD.28.2118},
  url = {https://link.aps.org/doi/10.1103/PhysRevD.28.2118}
}

@book{Carroll:2004st,
    author = "Carroll, Sean M.",
    title = "{Spacetime and Geometry}: {An Introduction to General Relativity}",
    doi = "10.1017/9781108770385",
    isbn = "978-0-8053-8732-2, 978-1-108-48839-6, 978-1-108-77555-7",
    publisher = "Cambridge University Press",
    month = "7",
    year = "2019"
}

@misc{spradlin2001leshoucheslecturessitter,
      title={Les Houches Lectures on De Sitter Space}, 
      author={Marcus Spradlin and Andrew Strominger and Anastasia Volovich},
      year={2001},
      eprint={hep-th/0110007},
      archivePrefix={arXiv},
      primaryClass={hep-th},
      url={https://arxiv.org/abs/hep-th/0110007}, 
}

@article{PhysRevD.15.2738,
  title = {Cosmological event horizons, thermodynamics, and particle creation},
  author = {Gibbons, G. W. and Hawking, S. W.},
  journal = {Phys. Rev. D},
  volume = {15},
  issue = {10},
  pages = {2738--2751},
  numpages = {0},
  year = {1977},
  month = {May},
  publisher = {American Physical Society},
  doi = {10.1103/PhysRevD.15.2738},
  url = {https://link.aps.org/doi/10.1103/PhysRevD.15.2738}
}

@article{PhysRevD.15.2752,
  title = {Action integrals and partition functions in quantum gravity},
  author = {Gibbons, G. W. and Hawking, S. W.},
  journal = {Phys. Rev. D},
  volume = {15},
  issue = {10},
  pages = {2752--2756},
  numpages = {0},
  year = {1977},
  month = {May},
  publisher = {American Physical Society},
  doi = {10.1103/PhysRevD.15.2752},
  url = {https://link.aps.org/doi/10.1103/PhysRevD.15.2752}
}


@article{gibbons_path_1978,
	title = {Path integrals and the indefiniteness of the gravitational action},
	volume = {138},
	issn = {0550-3213},
	url = {https://www.sciencedirect.com/science/article/pii/055032137890161X},
	doi = {10.1016/0550-3213(78)90161-X},
	number = {1},
	urldate = {2025-08-20},
	journal = {Nuclear Physics B},
	author = {Gibbons, G. W. and Hawking, S. W. and Perry, M. J.},
	month = jun,
	year = {1978},
	pages = {141--150},
	file = {ScienceDirect Snapshot:/home/josema/Zotero/storage/3HY45NJP/055032137890161X.html:text/html},
}


@article{Geng_2021,
   title={Non-local entanglement and fast scrambling in de-Sitter holography},
   volume={426},
   ISSN={0003-4916},
   url={http://dx.doi.org/10.1016/j.aop.2021.168402},
   DOI={10.1016/j.aop.2021.168402},
   journal={Annals of Physics},
   publisher={Elsevier BV},
   author={Geng, Hao},
   year={2021},
   month=mar, pages={168402} }
